@BOOK{Geron:2017,
  AUTHOR = {Aur\'{e}lien G\'{e}ron},
  TITLE = {Hands-On Machine Learning with Scikit-Learn \& TensorFlow: Concepts, Tools, and Techniques to Build Intelligent Systems},
  PUBLISHER = {O'Reilly Media, Inc.},
  YEAR = {2017},
}
